2320 4130
304 299 307 308 ι
406 264 694 330 Selrizon'ema.
885 291 916 332 ιι
1073 244 1082 292 l

197 419 384 490 „Ceramiae
407 429 550 510 lucidum,
572 433 663 498 Grat.
688 435 767 500 nist.
791 437 860 514 Soc.
885 439 1021 500 Medica

154 506 198 566 ln
224 511 306 570 Mari
328 510 573 584 Mediterraneo.

112 647 143 708 7.
190 625 229 702 S.
278 629 589 711 corymbosam
641 637 701 699 filis
743 635 997 722 simpliciusculis

246 714 334 792 apice
353 713 757 800 penicillalo-corynibosis.

138 789 214 851 ‘Ad
238 791 333 853 litora
364 795 482 858 Galliae.
528 797 760 868 Bonnemaison.

104 905 138 969 8·
194 907 233 971 S.
264 911 551 991 apiculatum,
593 916 651 978 filis
693 923 822 982 ramosis
850 922 993 1002 fastigia-

247 993 298 1068 lis,
320 995 415 1054 ramis
434 1018 542 1058 versus
565 1001 683 1081 apicem
713 1003 903 1066 lanceolatis.

195 1071 375 1136 Gloionema
395 1079 560 1158 apiculam,
585 1083 735 1145 Greville.

154 1157 209 1217 Ad
236 1175 330 1239 rupes
353 1163 525 1226 maritimas
545 1185 646 1248 prope
668 1166 869 1250 Edinburgh.

106 1294 138 1358 9.
189 1267 227 1333 S.
276 1278 624 1355 saniosisslmum
671 1279 736 1340 filis·
774 1287 992 1349 ramosissimis

245 1354 423 1436 fastigiatis,
453 1365 541 1440 apice
564 1361 686 1438 longius
709 1370 890 1442 attenuatis,
913 1387 990 1447 gra·

243 1434 327 1492 nulis
349 1439 651 1520 parallelogrammis
673 1443 868 1506 inordinatis.

204 1513 361 1579 Calcotrix
381 1521 545 1599 ramulosa,
572 1524 664 1582 Desv.

161 1599 214 1658 Ad
235 1617 304 1656 oras
325 1601 444 1664 Galliae.

159 1716 197 1774 In
235 1713 295 1774 hoe
327 1738 438 1798 genere
473 1723 549 1803 quid
580 1726 696 1802 species
725 1725 775 1797 sit,
802 1741 885 1789 certe
909 1754 989 1793 non-

109 1799 195 1859 dum
231 1809 361 1859 constat.
407 1803 481 1864 ldeo
520 1825 695 1886 synonyma
738 1827 797 1886 pro
834 1811 990 1878 distinctis

110 1884 259 1963 separavi
315 1883 519 1966 Distinguere
556 1888 674 1961 malim,
714 1907 811 1972 quam
851 1896 989 1954 conlun-

109 1963 201 2023 dere.
251 1963 282 2022 si
311 1964 436 2027 tandem
459 1967 566 2027 eadem
586 1988 651 2029 esse
673 1969 861 2046 inveniatur,
897 1983 990 2035 tran.

110 2047 194 2104 situs
220 2045 322 2106 facilis
346 2068 363 2106 a
387 2053 488 2130 specie
514 2049 552 2108 ad
576 2056 783 2126 varietatem
806 2055 900 2114 semel
916 2078 989 2119 vero

111 2127 258 2203 confusa,
281 2149 361 2208 aegre
383 2132 497 2192 iterum
522 2131 771 2214 distinguuntur.

1115 1409 1130 1440 0

463 2359 639 2442 Appendix.

363 2559 392 2620 9.
437 2537 739 2600 Gouraoraraa.

111 2701 140 2740 1·
183 2681 218 2746 G.
247 2688 524 2770 paradoxum,
559 2688 738 2770 flavescens,
782 2689 843 2751 filis
872 2711 984 2774 aggre-

188 2789 542 2928 Ecalnllllliolrllaoxa,
568 2855 689 2936 Lyngb.
712 2865 736 2916 t.
759 2877 807 2936 7⁰·

189 2927 336 2992 Diatoma
350 2931 584 3016 flabellulatum‚
608 2936 695 3016 larg.
720 2961 747 3019 7.

75 3085 78 3092 Ι
149 3009 187 3070 In
213 3013 329 3091 plantis
350 3016 481 3076 marinis
499 3015 636 3098 Europae
660 3019 807 3082 Borealis.

148 3095 199 3153 An
222 3091 422 3164 Vorticellai
472 3105 473 3108 ’
