2334 4128
344 895 755 1013 Prmfatio.
842 1005 845 1010 ,

99 1141 325 1299 Impressione
365 1219 468 1298 operis
506 1222 625 1296 nostri,
668 1217 790 1282 Series
826 1213 985 1308 Algurum

100 1301 266 1379 inscripti,
297 1319 360 1358 non
390 1310 497 1358 nostra
524 1299 619 1382 culpa
642 1323 680 1368 ‚se
733 1299 861 1377 infelici
887 1295 1005 1378 e'asu,¹

100 1388 260 1461 abrupta,
299 1379 381 1442 hauc
419 1378 645 1465 sciagraphiain
674 1377 911 1462 nflostraehlgas'
933 1370 984 1465 (Ὶῖ-Ι

100 1461 254 1550 sponendi
276 1465 407 1524 rationis
431 1465 579 1544 evulgare
601 1464 703 1526 coacti
725 1473 842 1524 sumus.
868 1460 1003 1536 ''Illarri

97 1561 210 1609 tamen
245 1547 290 1604 ita
309 1545 458 1624 'publico
478 1546 604 1604 tradere
628 1544 809 1618 voluimus,
833 1553 869 1610 ut
889 1533 985 1622 ainlhl

98 1635 183 1692 es'set
222 1626 420 1684 enchiridion
451 1624 622 1705 Algologiae
655 1623 843 1687 universalis
875 1619 986 1686 &·in³

99 1708 261 1772 traductio
282 1707 323 1766 ad
345 1704 510 1766 historiam
541 1703 636 1790 hujus
666 1711 800 1768 maxime
824 1724 984 1784 namura·

99 1791 175 1856 bilis
213 1787 320 1849 elassis
357 1785 549 1868 plantarum.
595 1793 632 1850 ln
666 1809 730 1870 quo
761 1809 837 1856 vero
873 1799 984 1857 nostru

102 1881 289 1954 systemate,
322 1871 347 1930 si
379 1889 617 1950 nonnumquam
653 1894 672 1932 a
699 1873 809 1932 ceteris
828 1871 984 1946 ‚auetori-
1013 1927 1019 1938 ,

99 1957 162 2017 bus
183 1954 390 2028 discessimus,
424 1952 456 2011 id
479 1969 535 2010 nec
557 1953 688 2033 pruritu
708 1953 858 2014 novitatis
871 1971 984 2034 ,neque

101 2046 264 2115 contemtu
300 2051 403 2114 operae
445 2033 582 2114 aliorum
616 2033 845 2114 Algologorum
882 2031 1011 2106 nostri·

99 2117 271 2196 temporis,
313 2117 369 2195 qui
399 2136 506 2175 omnes
538 2114 605 2178 fere
639 2118 774 2176 amicitia
807 2107 984 2204 arctissima

98 2201 191 2262 nobis
217 2199 315 2275 iuncti
347 2208 438 2274 sunt,
473 2219 528 2258 nos
546 2197 671 2262 ,fecisse
693 2193 909 2258 manifestum
925 2205 981 2257 est.

99 2280 244 2345 Eandem
280 2279 362 2340 enirn
396 2277 451 2342 has
473 2278 597 2360 plantas
617 2279 982 2364 disponendi'rationem

98 2369 162 2450 jam
184 2363 275 2440 longe
300 2357 470 2432 abhinc&
492 2361 557 2420 sere
578 2363 620 2422 ah
639 2365 732 2421 initio
761 2355 860 2422 n'ost'ri
885 2339 983 2420 studii

99 2441 236 2527 amplexi
259 2461 375 2517 summ,
403 2445 472 2505 ideo
496 2449 608 2505 ceteris
636 2445 796 2528 plerisque
812 2443 981 2523 antiquio·
1016 2471 1018 2484 ·

103 2548 179 2588 rem.
223 2525 511 2608 Neque-despicere
531 2525 668 2588 aliorum
685 2546 815 2606 operam
824 2529 851 2586 is
866 2532 983 2606 potest,

99 2612 158 2690 qui
191 2613 256 2689 ipsa
295 2607 515 2672 difficultatem
553 2608 648 2690 hujus
668 2603 773 2668 'studii
798 2605 983 2686 eognoseit,

99 2690 152 2749 vel
178 2694 203 2750 is
231 2709 355 2750 errores
386 2709 491 2750 severe
515 2693 691 2772 imputare,
726 2691 782 2770 qui
815 2692 883 2770 ipse
909 2685 982 2752 ittae

97 2777 133 2833 in
154 2773 213 2832 bac
234 2781 325 2854 parte
360 2769 524 2831 Botanices
559 2776 663 2833 minus
679 2787 791 2854 ..quam
814 2770 985 2838 iussttttrlt

99 2856 261 2915 evitandos
293 2871 358 2912 esse
394 2854 559 2935 saepissime
589 2864 736 2996 expertus
769 2853 841 2914 fuit.
885 2847 981 2929 Quod

97 2938 227 3018 insuper
256 2957 300 2996 ea
316 2935 420 3010 minus
447 2940 479 2994 in
503 2956 559 2996 nos
582 2957 616 2998 ea
640 2956 692 2996 ere
710 2939 825 3015 potuit,
847 2953 918 2996 cum
941 2949 979 2994 ex

99 3019 225 3097 scriptis
249 3017 392 3098 plurium
421 3026 586 3078 auctorum
617 3017 768 3099 pleraque
802 3017 979 3092 hausimus,

98 3120 167 3178 quae
207 3110 315 3158 nostro
357 3100 520 3180 p'ropositri
557 3097 788 3182 quodammodo
822 3099 981 3158 inservire
1066 3101 1069 3106 ’

98 3182 274 3266 potuerint,
298 3190 359 3240 tam
380 3181 495 3264 species
520 3203 626 3262 novas,
646 3203 742 3264 quam
764 3199 877 3264 genera
896 3179 986 3241 hene·
